<?xml version="1.0" encoding="UTF-8"?><collection xmlns="http://www.loc.gov/MARC21/slim"><record><leader>00438nam--2200133-i-4500</leader><controlfield tag="001">000026899</controlfield><controlfield tag="002">20161230</controlfield><controlfield tag="005">20161230201036</controlfield><controlfield tag="008">060222s1000------------r-----000-0-eng-d</controlfield><datafield ind1=" " ind2=" " tag="080"><subfield code="a">577.32</subfield></datafield><datafield ind1=" " ind2=" " tag="100"><subfield code="a">Knowles, P.F., Marsh, D.And Rattle, H.W.E</subfield></datafield><datafield ind1=" " ind2=" " tag="245"><subfield code="a">Magnetic resonance of biomolecules. an introduction to the theory and practice of nmr and esr in biological systems</subfield></datafield><datafield ind1=" " ind2=" " tag="260"><subfield code="a">London, John Wiley &amp; Sons, 1976, 343p</subfield></datafield><datafield ind1=" " ind2=" " tag="852"><subfield code="a">45121</subfield></datafield></record></collection>